@misc{BBVA,
  title = {BBVA},
  year = {s.f.},
  author = {BBVA},
  howpublished = {\url{https://careers.bbva.com/espana/es/conocenos/}},
  note = {Recuperado el 13 de Octubre de 2017}
}

@misc{JAVA,
  title = {{The Java Language Specification}},
  year = {2015},
  author = {Gosling, J. and Joy, B. and Steele, G. and Bracha, G. and Buckley, A.},
  howpublished = {\url{https://docs.oracle.com/javase/specs/jls/se8/jls8.pdf}},
  note = {Recuperado el 14 de Octubre de 2017}
}

@misc{OSGI,
  title = {{Architecture - OSGI}},
  year = {s.f.},
  author = {{OSGI Alliance}},
  howpublished = {\url{https://www.osgi.org/developer/architecture/}},
  note = {Recuperado el 14 de Octubre de 2017}
}

@misc{FELIX,
  title = {{Apache Felix}},
  year = {2016},
  author = {{Apache Software Foundation}},
  howpublished = {\url{http://felix.apache.org/}},
  note = {Recuperado el 14 de Octubre de 2017}
}

@misc{ANGULAR,
  title = {{Angular - What is Angular?}},
  year = {s.f.},
  author = {{Angular}},
  howpublished = {\url{https://angular.io/docs}},
  note = {Recuperado el 14 de Octubre de 2017}
}

@misc{HTML,
  title = {{HTML}},
  year = {2017},
  author = {{Mozilla}},
  howpublished = {\url{https://developer.mozilla.org/es/docs/Web/HTML}},
  note = {Recuperado el 14 de Octubre de 2017}
}

@misc{JS,
  title = {{JavaScript}},
  year = {2017},
  author = {{Mozilla}},
  howpublished = {\url{https://developer.mozilla.org/es/docs/Web/JavaScript}},
  note = {Recuperado el 14 de Octubre de 2017}
}

@misc{JDBC,
  title = {{Java SE Technologies - Database}},
  year = {s.f.},
  author = {{Oracle}},
  howpublished = {\url{http://www.oracle.com/technetwork/java/javase/jdbc/index.html}},
  note = {Recuperado el 15 de Octubre de 2017}
}

@misc{JNDI,
  title = {{Overview of JNDI}},
  year = {s.f.},
  author = {{Oracle}},
  howpublished = {\url{https://docs.oracle.com/javase/tutorial/jndi/overview/index.html}},
  note = {Recuperado el 15 de Octubre de 2017}
}

@misc{NODE,
  title = {{Node.js}},
  year = {s.f.},
  author = {{Node.js Foundation}},
  howpublished = {\url{https://nodejs.org/es/}},
  note = {Recuperado el 15 de Octubre de 2017}
}

@misc{POSTGRE,
  title = {{PostgreSQL: About}},
  year = {s.f.},
  author = {{The PostgreSQL Global Development Group}},
  howpublished = {\url{https://www.postgresql.org/about/}},
  note = {Recuperado el 15 de Octubre de 2017}
}

@misc{ORACLE,
  title = {{Oracle: Whats new?}},
  year = {s.f.},
  author = {{Oracle}},
  howpublished = {\url{http://docs.oracle.com/cd/E11882_01/appdev.112/e11822/whatsnew.htm#ADOBJ7017}},
  note = {Recuperado el 15 de Octubre de 2017}
}

@misc{DIMENSIONS,
  title = {{Dimensions CM}},
  year = {s.f.},
  author = {{Micro Focus}},
  howpublished = {\url{https://www.microfocus.com/media/data-sheet/dimensions_cm_bridge_ds.pdf}},
  note = {Recuperado el 15 de Octubre de 2017}
}

@misc{JIRA,
  title = {{Jira Software}},
  year = {s.f.},
  author = {{Atlassian}},
  howpublished = {\url{https://www.atlassian.com/software/jira/features}},
  note = {Recuperado el 15 de Octubre de 2017}
}

@misc{API,
  title = {{API Definition}},
  year = {2016},
  author = {Christensson, P.},
  howpublished = {\url{https://techterms.com/definition/api}},
  note = {Recuperado el 15 de Octubre de 2017}
}

@misc{RELACIONAL,
  title = {{A Relational Database Overview}},
  year = {s.f.},
  author = {{Oracle}},
  howpublished = {\url{https://docs.oracle.com/javase/tutorial/jdbc/overview/database.html}},
  note = {Recuperado el 15 de Octubre de 2017}
}

@misc{COMPONENT,
  title = {{Software Component Architecture}},
  year = {s.f.},
  author = {Niekamp, R.},
  howpublished = {\url{http://congress.cimne.upc.es/cfsi/frontal/doc/ppt/11.pdf}},
  note = {Recuperado el 15 de Octubre de 2017}
}

@misc{MVC,
  title = {{The DCI Architecture: A New Vision of Object-Oriented Programming}},
  year = {2009},
  author = {Trygve Reenskaug and James O. Coplien},
  howpublished = {\url{http://www.artima.com/articles/dci_vision.html}},
  note = {Recuperado el 15 de Octubre de 2017}
}

@misc{EVERIS,
  title = {{Sobre nosotros}},
  year = {2017},
  author = {{Everis}},
  howpublished = {\url{https://www.everis.com/spain/es/about-us}},
  note = {Recuperado el 16 de Octubre de 2017}
}

https://www.everis.com/spain/es/about-us